@misc{Cuda_IEEE754,
	title = {{Cuda Toolkit Documentation, Cuda and Floating Point}},
	howpublished = "\url{http://docs.nvidia.com/cuda/floating-point/#cuda-and-floating-point} (page consultée le 05/03/2017)"
}

@misc{Cuda_IEEE754_Ctrl_FMA,
	title = {{Cuda Toolkit Documentation, Controlling Fused Multiply-add}},
	howpublished = "\url{http://docs.nvidia.com/cuda/floating-point/#controlling-fused-multiply-add} (page consultée le 05/03/2017)"
}

@misc{Cuda_INTRINSIC_DOUBLE,
	title = {{Cuda Toolkit Documentation, Double Precision Intrinsics}},
	howpublished = "\url{http://docs.nvidia.com/cuda/cuda-math-api/group__CUDA__MATH__INTRINSIC__DOUBLE.html} (page consultée le 05/03/2017)"
}
